@article{iplant,
	author  = {Boyle, B.},
	title   = {IPLANT article}, 
	journal = {B.J.}, 
	year    = {2013},
	volume  = {14}, 
	pages   = {16}
  doi     = {doi:10.1186/1471-2105-14-16}
}	

@webpage{carms,
	title  = {Canadian Register of Marine Species},
	url = {http://www.marinespecies.org/carms/aphia.php?p=webservice}
}

@webpage{worms,
	title  = {World Registry of Marine Species},
	url = {http://www.marinespecies.org}
}
